%YAML 1.1
%TAG !u! tag:unity3d.com,2011:
--- !u!1 &1749661635777642754
GameObject:
  m_ObjectHideFlags: 0
  m_CorrespondingSourceObject: {fileID: 0}
  m_PrefabInstance: {fileID: 0}
  m_PrefabAsset: {fileID: 0}
  serializedVersion: 6
  m_Component:
  - component: {fileID: 3545980231763911536}
  - component: {fileID: 7356498859739314861}
  - component: {fileID: 1344339052720439288}
  - component: {fileID: 3863552804027763266}
  - component: {fileID: 8437830767633906372}
  m_Layer: 11
  m_Name: Travolta
  m_TagString: QuestItem
  m_Icon: {fileID: 0}
  m_NavMeshLayer: 0
  m_StaticEditorFlags: 0
  m_IsActive: 1
--- !u!4 &3545980231763911536
Transform:
  m_ObjectHideFlags: 0
  m_CorrespondingSourceObject: {fileID: 0}
  m_PrefabInstance: {fileID: 0}
  m_PrefabAsset: {fileID: 0}
  m_GameObject: {fileID: 1749661635777642754}
  m_LocalRotation: {x: 0, y: 0, z: 0, w: 1}
  m_LocalPosition: {x: -18.813, y: -1.336, z: -6.399}
  m_LocalScale: {x: 1, y: 1, z: 1}
  m_Children:
  - {fileID: 6378790614787037004}
  - {fileID: 994494499093567456}
  m_Father: {fileID: 0}
  m_RootOrder: 0
  m_LocalEulerAnglesHint: {x: 0, y: 0, z: 0}
--- !u!114 &7356498859739314861
MonoBehaviour:
  m_ObjectHideFlags: 0
  m_CorrespondingSourceObject: {fileID: 0}
  m_PrefabInstance: {fileID: 0}
  m_PrefabAsset: {fileID: 0}
  m_GameObject: {fileID: 1749661635777642754}
  m_Enabled: 1
  m_EditorHideFlags: 0
  m_Script: {fileID: 11500000, guid: 62318583d9b294fdab163d43ebb5aeb0, type: 3}
  m_Name: 
  m_EditorClassIdentifier: 
  intreactOnlyOnce: 1
  OnInteract:
    m_PersistentCalls:
      m_Calls: []
    m_TypeName: UnityEngine.Events.UnityEvent, UnityEngine.CoreModule, Version=0.0.0.0,
      Culture=neutral, PublicKeyToken=null
  OnActorEnter:
    m_PersistentCalls:
      m_Calls: []
    m_TypeName: UnityEngine.Events.UnityEvent, UnityEngine.CoreModule, Version=0.0.0.0,
      Culture=neutral, PublicKeyToken=null
  OnActorLeave:
    m_PersistentCalls:
      m_Calls: []
    m_TypeName: UnityEngine.Events.UnityEvent, UnityEngine.CoreModule, Version=0.0.0.0,
      Culture=neutral, PublicKeyToken=null
  body: {fileID: 1344339052720439288}
  icon: {fileID: 21300000, guid: a17611d96c0adca47958c233d481dc77, type: 3}
--- !u!54 &1344339052720439288
Rigidbody:
  m_ObjectHideFlags: 0
  m_CorrespondingSourceObject: {fileID: 0}
  m_PrefabInstance: {fileID: 0}
  m_PrefabAsset: {fileID: 0}
  m_GameObject: {fileID: 1749661635777642754}
  serializedVersion: 2
  m_Mass: 1
  m_Drag: 0
  m_AngularDrag: 0.05
  m_UseGravity: 1
  m_IsKinematic: 0
  m_Interpolate: 0
  m_Constraints: 0
  m_CollisionDetection: 0
--- !u!65 &3863552804027763266
BoxCollider:
  m_ObjectHideFlags: 0
  m_CorrespondingSourceObject: {fileID: 0}
  m_PrefabInstance: {fileID: 0}
  m_PrefabAsset: {fileID: 0}
  m_GameObject: {fileID: 1749661635777642754}
  m_Material: {fileID: 0}
  m_IsTrigger: 0
  m_Enabled: 1
  serializedVersion: 2
  m_Size: {x: 0.7, y: 1.5, z: 0.7}
  m_Center: {x: 0, y: 0, z: 0}
--- !u!114 &8437830767633906372
MonoBehaviour:
  m_ObjectHideFlags: 0
  m_CorrespondingSourceObject: {fileID: 0}
  m_PrefabInstance: {fileID: 0}
  m_PrefabAsset: {fileID: 0}
  m_GameObject: {fileID: 1749661635777642754}
  m_Enabled: 1
  m_EditorHideFlags: 0
  m_Script: {fileID: 11500000, guid: 874e433ccbe704a57ba1fa789d3b7477, type: 3}
  m_Name: 
  m_EditorClassIdentifier: 
  scene: 1
  id: 1
  OnCompleted:
    m_PersistentCalls:
      m_Calls:
      - m_Target: {fileID: 3863552804027763266}
        m_MethodName: set_enabled
        m_Mode: 6
        m_Arguments:
          m_ObjectArgument: {fileID: 0}
          m_ObjectArgumentAssemblyTypeName: UnityEngine.Object, UnityEngine
          m_IntArgument: 0
          m_FloatArgument: 0
          m_StringArgument: 
          m_BoolArgument: 0
        m_CallState: 2
      - m_Target: {fileID: 7356498859739314861}
        m_MethodName: set_enabled
        m_Mode: 6
        m_Arguments:
          m_ObjectArgument: {fileID: 0}
          m_ObjectArgumentAssemblyTypeName: UnityEngine.Object, UnityEngine
          m_IntArgument: 0
          m_FloatArgument: 0
          m_StringArgument: 
          m_BoolArgument: 0
        m_CallState: 2
      - m_Target: {fileID: 1344339052720439288}
        m_MethodName: set_isKinematic
        m_Mode: 6
        m_Arguments:
          m_ObjectArgument: {fileID: 0}
          m_ObjectArgumentAssemblyTypeName: UnityEngine.Object, UnityEngine
          m_IntArgument: 0
          m_FloatArgument: 0
          m_StringArgument: 
          m_BoolArgument: 1
        m_CallState: 2
    m_TypeName: UnityEngine.Events.UnityEvent, UnityEngine.CoreModule, Version=0.0.0.0,
      Culture=neutral, PublicKeyToken=null
--- !u!1001 &956680359080128787
PrefabInstance:
  m_ObjectHideFlags: 0
  serializedVersion: 2
  m_Modification:
    m_TransformParent: {fileID: 3545980231763911536}
    m_Modifications:
    - target: {fileID: 6179162934706071134, guid: 885efc45d4e0ace43a703e3ee0cc632f,
        type: 3}
      propertyPath: m_Name
      value: SpeechLines
      objectReference: {fileID: 0}
    - target: {fileID: 6179162934706071135, guid: 885efc45d4e0ace43a703e3ee0cc632f,
        type: 3}
      propertyPath: m_LocalPosition.x
      value: 0
      objectReference: {fileID: 0}
    - target: {fileID: 6179162934706071135, guid: 885efc45d4e0ace43a703e3ee0cc632f,
        type: 3}
      propertyPath: m_LocalPosition.y
      value: 1
      objectReference: {fileID: 0}
    - target: {fileID: 6179162934706071135, guid: 885efc45d4e0ace43a703e3ee0cc632f,
        type: 3}
      propertyPath: m_LocalPosition.z
      value: 0
      objectReference: {fileID: 0}
    - target: {fileID: 6179162934706071135, guid: 885efc45d4e0ace43a703e3ee0cc632f,
        type: 3}
      propertyPath: m_LocalRotation.x
      value: 0
      objectReference: {fileID: 0}
    - target: {fileID: 6179162934706071135, guid: 885efc45d4e0ace43a703e3ee0cc632f,
        type: 3}
      propertyPath: m_LocalRotation.y
      value: 0
      objectReference: {fileID: 0}
    - target: {fileID: 6179162934706071135, guid: 885efc45d4e0ace43a703e3ee0cc632f,
        type: 3}
      propertyPath: m_LocalRotation.z
      value: 0
      objectReference: {fileID: 0}
    - target: {fileID: 6179162934706071135, guid: 885efc45d4e0ace43a703e3ee0cc632f,
        type: 3}
      propertyPath: m_LocalRotation.w
      value: 1
      objectReference: {fileID: 0}
    - target: {fileID: 6179162934706071135, guid: 885efc45d4e0ace43a703e3ee0cc632f,
        type: 3}
      propertyPath: m_RootOrder
      value: 0
      objectReference: {fileID: 0}
    - target: {fileID: 6179162934706071135, guid: 885efc45d4e0ace43a703e3ee0cc632f,
        type: 3}
      propertyPath: m_LocalEulerAnglesHint.x
      value: 0
      objectReference: {fileID: 0}
    - target: {fileID: 6179162934706071135, guid: 885efc45d4e0ace43a703e3ee0cc632f,
        type: 3}
      propertyPath: m_LocalEulerAnglesHint.y
      value: 0
      objectReference: {fileID: 0}
    - target: {fileID: 6179162934706071135, guid: 885efc45d4e0ace43a703e3ee0cc632f,
        type: 3}
      propertyPath: m_LocalEulerAnglesHint.z
      value: 0
      objectReference: {fileID: 0}
    - target: {fileID: 6179162935325241918, guid: 885efc45d4e0ace43a703e3ee0cc632f,
        type: 3}
      propertyPath: m_LocalPosition.y
      value: -0.036
      objectReference: {fileID: 0}
    - target: {fileID: 6179162934382943150, guid: 885efc45d4e0ace43a703e3ee0cc632f,
        type: 3}
      propertyPath: quotes.Array.size
      value: 0
      objectReference: {fileID: 0}
    - target: {fileID: 6179162933790286747, guid: 885efc45d4e0ace43a703e3ee0cc632f,
        type: 3}
      propertyPath: quotes.Array.size
      value: 1
      objectReference: {fileID: 0}
    - target: {fileID: 6179162933790286747, guid: 885efc45d4e0ace43a703e3ee0cc632f,
        type: 3}
      propertyPath: quotes.Array.data[0]
      value: character_quote_3_5
      objectReference: {fileID: 0}
    - target: {fileID: 6179162933790286747, guid: 885efc45d4e0ace43a703e3ee0cc632f,
        type: 3}
      propertyPath: quotes.Array.data[1]
      value: "\u041C\u043E\u043B\u043E\u0447\u043D\u044B\u0439 \u043A\u043E\u043A\u0442\u0435\u0439\u043B\u044C
        \u2014 \u044D\u0442\u043E \u043C\u043E\u043B\u043E\u043A\u043E \u0438 \u043C\u043E\u0440\u043E\u0436\u0435\u043D\u043E\u0435?"
      objectReference: {fileID: 0}
    - target: {fileID: 6179162933790286747, guid: 885efc45d4e0ace43a703e3ee0cc632f,
        type: 3}
      propertyPath: quotes.Array.data[2]
      value: "\u041A\u0430\u043A \u043C\u043E\u0436\u043D\u043E \u043B\u0438\u0442\u044C
        \u043C\u0430\u0439\u043E\u043D\u0435\u0437 \u043D\u0430 \u043A\u0430\u0440\u0442\u043E\u0448\u043A\u0443
        \u0444\u0440\u0438?"
      objectReference: {fileID: 0}
    - target: {fileID: 6112655453326783659, guid: 885efc45d4e0ace43a703e3ee0cc632f,
        type: 3}
      propertyPath: quotes.Array.size
      value: 6
      objectReference: {fileID: 0}
    - target: {fileID: 6112655453326783659, guid: 885efc45d4e0ace43a703e3ee0cc632f,
        type: 3}
      propertyPath: quotes.Array.data[0]
      value: character_quote_3_1
      objectReference: {fileID: 0}
    - target: {fileID: 6112655453326783659, guid: 885efc45d4e0ace43a703e3ee0cc632f,
        type: 3}
      propertyPath: quotes.Array.data[1]
      value: 
      objectReference: {fileID: 0}
    - target: {fileID: 6112655453326783659, guid: 885efc45d4e0ace43a703e3ee0cc632f,
        type: 3}
      propertyPath: quotes.Array.data[7]
      value: "*\u043F\u0443\u043A*"
      objectReference: {fileID: 0}
    - target: {fileID: 6112655453326783659, guid: 885efc45d4e0ace43a703e3ee0cc632f,
        type: 3}
      propertyPath: quotes.Array.data[2]
      value: character_quote_3_2
      objectReference: {fileID: 0}
    - target: {fileID: 6112655453326783659, guid: 885efc45d4e0ace43a703e3ee0cc632f,
        type: 3}
      propertyPath: quotes.Array.data[5]
      value: character_quote_3_4
      objectReference: {fileID: 0}
    - target: {fileID: 6112655453326783659, guid: 885efc45d4e0ace43a703e3ee0cc632f,
        type: 3}
      propertyPath: quotes.Array.data[4]
      value: 
      objectReference: {fileID: 0}
    - target: {fileID: 6112655453326783659, guid: 885efc45d4e0ace43a703e3ee0cc632f,
        type: 3}
      propertyPath: quotes.Array.data[6]
      value: "*\u043F\u0443\u043A*"
      objectReference: {fileID: 0}
    - target: {fileID: 6112655453326783659, guid: 885efc45d4e0ace43a703e3ee0cc632f,
        type: 3}
      propertyPath: quotes.Array.data[3]
      value: character_quote_3_3
      objectReference: {fileID: 0}
    - target: {fileID: 6179162934706071132, guid: 885efc45d4e0ace43a703e3ee0cc632f,
        type: 3}
      propertyPath: transitions.Array.data[0].ids.Array.data[0]
      value: 1
      objectReference: {fileID: 0}
    - target: {fileID: 6179162934706071132, guid: 885efc45d4e0ace43a703e3ee0cc632f,
        type: 3}
      propertyPath: scene
      value: 1
      objectReference: {fileID: 0}
    - target: {fileID: 6727100500396689486, guid: 885efc45d4e0ace43a703e3ee0cc632f,
        type: 3}
      propertyPath: m_SizeDelta.x
      value: 319.7
      objectReference: {fileID: 0}
    - target: {fileID: 6155572876378043089, guid: 885efc45d4e0ace43a703e3ee0cc632f,
        type: 3}
      propertyPath: m_FontData.m_FontSize
      value: 16
      objectReference: {fileID: 0}
    - target: {fileID: 6155572876378043089, guid: 885efc45d4e0ace43a703e3ee0cc632f,
        type: 3}
      propertyPath: m_FontData.m_MinSize
      value: 1
      objectReference: {fileID: 0}
    - target: {fileID: 6155572876378043089, guid: 885efc45d4e0ace43a703e3ee0cc632f,
        type: 3}
      propertyPath: m_Text
      value: 
      objectReference: {fileID: 0}
    - target: {fileID: 6155572876378043089, guid: 885efc45d4e0ace43a703e3ee0cc632f,
        type: 3}
      propertyPath: m_FontData.m_HorizontalOverflow
      value: 0
      objectReference: {fileID: 0}
    - target: {fileID: 6155572876378043089, guid: 885efc45d4e0ace43a703e3ee0cc632f,
        type: 3}
      propertyPath: m_FontData.m_Alignment
      value: 1
      objectReference: {fileID: 0}
    m_RemovedComponents: []
  m_SourcePrefab: {fileID: 100100000, guid: 885efc45d4e0ace43a703e3ee0cc632f, type: 3}
--- !u!4 &6378790614787037004 stripped
Transform:
  m_CorrespondingSourceObject: {fileID: 6179162934706071135, guid: 885efc45d4e0ace43a703e3ee0cc632f,
    type: 3}
  m_PrefabInstance: {fileID: 956680359080128787}
  m_PrefabAsset: {fileID: 0}
--- !u!1001 &994494499093433632
PrefabInstance:
  m_ObjectHideFlags: 0
  serializedVersion: 2
  m_Modification:
    m_TransformParent: {fileID: 3545980231763911536}
    m_Modifications:
    - target: {fileID: 100064, guid: b64a279a813f8464380066e7eec22a48, type: 3}
      propertyPath: m_Name
      value: TRAVOLTA
      objectReference: {fileID: 0}
    - target: {fileID: 400064, guid: b64a279a813f8464380066e7eec22a48, type: 3}
      propertyPath: m_LocalPosition.x
      value: 0
      objectReference: {fileID: 0}
    - target: {fileID: 400064, guid: b64a279a813f8464380066e7eec22a48, type: 3}
      propertyPath: m_LocalPosition.y
      value: -1.334
      objectReference: {fileID: 0}
    - target: {fileID: 400064, guid: b64a279a813f8464380066e7eec22a48, type: 3}
      propertyPath: m_LocalPosition.z
      value: 0.143
      objectReference: {fileID: 0}
    - target: {fileID: 400064, guid: b64a279a813f8464380066e7eec22a48, type: 3}
      propertyPath: m_LocalRotation.x
      value: 0
      objectReference: {fileID: 0}
    - target: {fileID: 400064, guid: b64a279a813f8464380066e7eec22a48, type: 3}
      propertyPath: m_LocalRotation.y
      value: 0
      objectReference: {fileID: 0}
    - target: {fileID: 400064, guid: b64a279a813f8464380066e7eec22a48, type: 3}
      propertyPath: m_LocalRotation.z
      value: 0
      objectReference: {fileID: 0}
    - target: {fileID: 400064, guid: b64a279a813f8464380066e7eec22a48, type: 3}
      propertyPath: m_LocalRotation.w
      value: 1
      objectReference: {fileID: 0}
    - target: {fileID: 400064, guid: b64a279a813f8464380066e7eec22a48, type: 3}
      propertyPath: m_RootOrder
      value: 1
      objectReference: {fileID: 0}
    - target: {fileID: 400064, guid: b64a279a813f8464380066e7eec22a48, type: 3}
      propertyPath: m_LocalEulerAnglesHint.x
      value: 0
      objectReference: {fileID: 0}
    - target: {fileID: 400064, guid: b64a279a813f8464380066e7eec22a48, type: 3}
      propertyPath: m_LocalEulerAnglesHint.y
      value: 0
      objectReference: {fileID: 0}
    - target: {fileID: 400064, guid: b64a279a813f8464380066e7eec22a48, type: 3}
      propertyPath: m_LocalEulerAnglesHint.z
      value: 0
      objectReference: {fileID: 0}
    - target: {fileID: 400064, guid: b64a279a813f8464380066e7eec22a48, type: 3}
      propertyPath: m_LocalScale.x
      value: 0.2
      objectReference: {fileID: 0}
    - target: {fileID: 400064, guid: b64a279a813f8464380066e7eec22a48, type: 3}
      propertyPath: m_LocalScale.y
      value: 0.2
      objectReference: {fileID: 0}
    - target: {fileID: 400064, guid: b64a279a813f8464380066e7eec22a48, type: 3}
      propertyPath: m_LocalScale.z
      value: 0.2
      objectReference: {fileID: 0}
    - target: {fileID: 400008, guid: b64a279a813f8464380066e7eec22a48, type: 3}
      propertyPath: m_LocalEulerAnglesHint.x
      value: -69.7178
      objectReference: {fileID: 0}
    - target: {fileID: 400008, guid: b64a279a813f8464380066e7eec22a48, type: 3}
      propertyPath: m_LocalEulerAnglesHint.y
      value: 23.622387
      objectReference: {fileID: 0}
    - target: {fileID: 400008, guid: b64a279a813f8464380066e7eec22a48, type: 3}
      propertyPath: m_LocalEulerAnglesHint.z
      value: -19.147554
      objectReference: {fileID: 0}
    - target: {fileID: 9500000, guid: b64a279a813f8464380066e7eec22a48, type: 3}
      propertyPath: m_Controller
      value: 
      objectReference: {fileID: 9100000, guid: b7c116f0158ef14499122c5ae2fa2eb1, type: 2}
    - target: {fileID: 400046, guid: b64a279a813f8464380066e7eec22a48, type: 3}
      propertyPath: m_LocalEulerAnglesHint.x
      value: 2.6903977
      objectReference: {fileID: 0}
    - target: {fileID: 400046, guid: b64a279a813f8464380066e7eec22a48, type: 3}
      propertyPath: m_LocalEulerAnglesHint.y
      value: -22.840723
      objectReference: {fileID: 0}
    - target: {fileID: 400046, guid: b64a279a813f8464380066e7eec22a48, type: 3}
      propertyPath: m_LocalEulerAnglesHint.z
      value: 94.58171
      objectReference: {fileID: 0}
    - target: {fileID: 400050, guid: b64a279a813f8464380066e7eec22a48, type: 3}
      propertyPath: m_LocalEulerAnglesHint.x
      value: 2.6903977
      objectReference: {fileID: 0}
    - target: {fileID: 400050, guid: b64a279a813f8464380066e7eec22a48, type: 3}
      propertyPath: m_LocalEulerAnglesHint.y
      value: -22.840723
      objectReference: {fileID: 0}
    - target: {fileID: 400050, guid: b64a279a813f8464380066e7eec22a48, type: 3}
      propertyPath: m_LocalEulerAnglesHint.z
      value: 94.58171
      objectReference: {fileID: 0}
    - target: {fileID: 400060, guid: b64a279a813f8464380066e7eec22a48, type: 3}
      propertyPath: m_LocalEulerAnglesHint.x
      value: 64.19901
      objectReference: {fileID: 0}
    - target: {fileID: 400060, guid: b64a279a813f8464380066e7eec22a48, type: 3}
      propertyPath: m_LocalEulerAnglesHint.y
      value: 48.77614
      objectReference: {fileID: 0}
    - target: {fileID: 400060, guid: b64a279a813f8464380066e7eec22a48, type: 3}
      propertyPath: m_LocalEulerAnglesHint.z
      value: 47.202156
      objectReference: {fileID: 0}
    - target: {fileID: 400014, guid: b64a279a813f8464380066e7eec22a48, type: 3}
      propertyPath: m_LocalEulerAnglesHint.x
      value: 1.8416896
      objectReference: {fileID: 0}
    - target: {fileID: 400014, guid: b64a279a813f8464380066e7eec22a48, type: 3}
      propertyPath: m_LocalEulerAnglesHint.y
      value: -12.715019
      objectReference: {fileID: 0}
    - target: {fileID: 400014, guid: b64a279a813f8464380066e7eec22a48, type: 3}
      propertyPath: m_LocalEulerAnglesHint.z
      value: -85.01686
      objectReference: {fileID: 0}
    - target: {fileID: 400018, guid: b64a279a813f8464380066e7eec22a48, type: 3}
      propertyPath: m_LocalEulerAnglesHint.x
      value: 1.8416896
      objectReference: {fileID: 0}
    - target: {fileID: 400018, guid: b64a279a813f8464380066e7eec22a48, type: 3}
      propertyPath: m_LocalEulerAnglesHint.y
      value: -12.715019
      objectReference: {fileID: 0}
    - target: {fileID: 400018, guid: b64a279a813f8464380066e7eec22a48, type: 3}
      propertyPath: m_LocalEulerAnglesHint.z
      value: -85.01686
      objectReference: {fileID: 0}
    - target: {fileID: 13700000, guid: b64a279a813f8464380066e7eec22a48, type: 3}
      propertyPath: m_Materials.Array.data[0]
      value: 
      objectReference: {fileID: 2100000, guid: d3267ef2097189644a93470e1c5b3ce2, type: 2}
    - target: {fileID: 400054, guid: b64a279a813f8464380066e7eec22a48, type: 3}
      propertyPath: m_LocalEulerAnglesHint.x
      value: -5.4493504
      objectReference: {fileID: 0}
    - target: {fileID: 400054, guid: b64a279a813f8464380066e7eec22a48, type: 3}
      propertyPath: m_LocalEulerAnglesHint.y
      value: 134.45126
      objectReference: {fileID: 0}
    - target: {fileID: 400054, guid: b64a279a813f8464380066e7eec22a48, type: 3}
      propertyPath: m_LocalEulerAnglesHint.z
      value: -92.96603
      objectReference: {fileID: 0}
    - target: {fileID: 400056, guid: b64a279a813f8464380066e7eec22a48, type: 3}
      propertyPath: m_LocalEulerAnglesHint.x
      value: 14.195774
      objectReference: {fileID: 0}
    - target: {fileID: 400056, guid: b64a279a813f8464380066e7eec22a48, type: 3}
      propertyPath: m_LocalEulerAnglesHint.y
      value: 178.56143
      objectReference: {fileID: 0}
    - target: {fileID: 400056, guid: b64a279a813f8464380066e7eec22a48, type: 3}
      propertyPath: m_LocalEulerAnglesHint.z
      value: -90.103226
      objectReference: {fileID: 0}
    - target: {fileID: 400062, guid: b64a279a813f8464380066e7eec22a48, type: 3}
      propertyPath: m_LocalEulerAnglesHint.x
      value: 30.169197
      objectReference: {fileID: 0}
    - target: {fileID: 400062, guid: b64a279a813f8464380066e7eec22a48, type: 3}
      propertyPath: m_LocalEulerAnglesHint.y
      value: -85.60165
      objectReference: {fileID: 0}
    - target: {fileID: 400062, guid: b64a279a813f8464380066e7eec22a48, type: 3}
      propertyPath: m_LocalEulerAnglesHint.z
      value: 10.331704
      objectReference: {fileID: 0}
    - target: {fileID: 400042, guid: b64a279a813f8464380066e7eec22a48, type: 3}
      propertyPath: m_LocalEulerAnglesHint.x
      value: 36.754845
      objectReference: {fileID: 0}
    - target: {fileID: 400042, guid: b64a279a813f8464380066e7eec22a48, type: 3}
      propertyPath: m_LocalEulerAnglesHint.y
      value: -94.64709
      objectReference: {fileID: 0}
    - target: {fileID: 400042, guid: b64a279a813f8464380066e7eec22a48, type: 3}
      propertyPath: m_LocalEulerAnglesHint.z
      value: 178.5695
      objectReference: {fileID: 0}
    - target: {fileID: 400044, guid: b64a279a813f8464380066e7eec22a48, type: 3}
      propertyPath: m_LocalEulerAnglesHint.x
      value: 40.708405
      objectReference: {fileID: 0}
    - target: {fileID: 400044, guid: b64a279a813f8464380066e7eec22a48, type: 3}
      propertyPath: m_LocalEulerAnglesHint.y
      value: -86.68699
      objectReference: {fileID: 0}
    - target: {fileID: 400044, guid: b64a279a813f8464380066e7eec22a48, type: 3}
      propertyPath: m_LocalEulerAnglesHint.z
      value: -178.85262
      objectReference: {fileID: 0}
    - target: {fileID: 400058, guid: b64a279a813f8464380066e7eec22a48, type: 3}
      propertyPath: m_LocalEulerAnglesHint.x
      value: -30.514715
      objectReference: {fileID: 0}
    - target: {fileID: 400058, guid: b64a279a813f8464380066e7eec22a48, type: 3}
      propertyPath: m_LocalEulerAnglesHint.y
      value: -179.80798
      objectReference: {fileID: 0}
    - target: {fileID: 400058, guid: b64a279a813f8464380066e7eec22a48, type: 3}
      propertyPath: m_LocalEulerAnglesHint.z
      value: -1.8663672
      objectReference: {fileID: 0}
    - target: {fileID: 400004, guid: b64a279a813f8464380066e7eec22a48, type: 3}
      propertyPath: m_LocalEulerAnglesHint.x
      value: 5.063805
      objectReference: {fileID: 0}
    - target: {fileID: 400004, guid: b64a279a813f8464380066e7eec22a48, type: 3}
      propertyPath: m_LocalEulerAnglesHint.y
      value: 106.905045
      objectReference: {fileID: 0}
    - target: {fileID: 400004, guid: b64a279a813f8464380066e7eec22a48, type: 3}
      propertyPath: m_LocalEulerAnglesHint.z
      value: -160.51956
      objectReference: {fileID: 0}
    - target: {fileID: 400006, guid: b64a279a813f8464380066e7eec22a48, type: 3}
      propertyPath: m_LocalEulerAnglesHint.x
      value: 11.245431
      objectReference: {fileID: 0}
    - target: {fileID: 400006, guid: b64a279a813f8464380066e7eec22a48, type: 3}
      propertyPath: m_LocalEulerAnglesHint.y
      value: 143.31355
      objectReference: {fileID: 0}
    - target: {fileID: 400006, guid: b64a279a813f8464380066e7eec22a48, type: 3}
      propertyPath: m_LocalEulerAnglesHint.z
      value: 162.45802
      objectReference: {fileID: 0}
    - target: {fileID: 400038, guid: b64a279a813f8464380066e7eec22a48, type: 3}
      propertyPath: m_LocalEulerAnglesHint.x
      value: 68.37578
      objectReference: {fileID: 0}
    - target: {fileID: 400038, guid: b64a279a813f8464380066e7eec22a48, type: 3}
      propertyPath: m_LocalEulerAnglesHint.y
      value: -28.738993
      objectReference: {fileID: 0}
    - target: {fileID: 400038, guid: b64a279a813f8464380066e7eec22a48, type: 3}
      propertyPath: m_LocalEulerAnglesHint.z
      value: -27.051672
      objectReference: {fileID: 0}
    - target: {fileID: 400000, guid: b64a279a813f8464380066e7eec22a48, type: 3}
      propertyPath: m_LocalEulerAnglesHint.x
      value: 68.96406
      objectReference: {fileID: 0}
    - target: {fileID: 400000, guid: b64a279a813f8464380066e7eec22a48, type: 3}
      propertyPath: m_LocalEulerAnglesHint.y
      value: -37.579895
      objectReference: {fileID: 0}
    - target: {fileID: 400000, guid: b64a279a813f8464380066e7eec22a48, type: 3}
      propertyPath: m_LocalEulerAnglesHint.z
      value: -139.45111
      objectReference: {fileID: 0}
    - target: {fileID: 400002, guid: b64a279a813f8464380066e7eec22a48, type: 3}
      propertyPath: m_LocalEulerAnglesHint.x
      value: 59.528606
      objectReference: {fileID: 0}
    - target: {fileID: 400002, guid: b64a279a813f8464380066e7eec22a48, type: 3}
      propertyPath: m_LocalEulerAnglesHint.y
      value: 67.58731
      objectReference: {fileID: 0}
    - target: {fileID: 400002, guid: b64a279a813f8464380066e7eec22a48, type: 3}
      propertyPath: m_LocalEulerAnglesHint.z
      value: -100.49005
      objectReference: {fileID: 0}
    - target: {fileID: 400022, guid: b64a279a813f8464380066e7eec22a48, type: 3}
      propertyPath: m_LocalEulerAnglesHint.x
      value: 71.392105
      objectReference: {fileID: 0}
    - target: {fileID: 400022, guid: b64a279a813f8464380066e7eec22a48, type: 3}
      propertyPath: m_LocalEulerAnglesHint.y
      value: -53.193775
      objectReference: {fileID: 0}
    - target: {fileID: 400022, guid: b64a279a813f8464380066e7eec22a48, type: 3}
      propertyPath: m_LocalEulerAnglesHint.z
      value: 136.07295
      objectReference: {fileID: 0}
    - target: {fileID: 400026, guid: b64a279a813f8464380066e7eec22a48, type: 3}
      propertyPath: m_LocalEulerAnglesHint.x
      value: 63.38411
      objectReference: {fileID: 0}
    - target: {fileID: 400026, guid: b64a279a813f8464380066e7eec22a48, type: 3}
      propertyPath: m_LocalEulerAnglesHint.y
      value: 52.653408
      objectReference: {fileID: 0}
    - target: {fileID: 400026, guid: b64a279a813f8464380066e7eec22a48, type: 3}
      propertyPath: m_LocalEulerAnglesHint.z
      value: -144.13689
      objectReference: {fileID: 0}
    - target: {fileID: 400034, guid: b64a279a813f8464380066e7eec22a48, type: 3}
      propertyPath: m_LocalEulerAnglesHint.x
      value: -13.966015
      objectReference: {fileID: 0}
    - target: {fileID: 400034, guid: b64a279a813f8464380066e7eec22a48, type: 3}
      propertyPath: m_LocalEulerAnglesHint.y
      value: 32.455196
      objectReference: {fileID: 0}
    - target: {fileID: 400034, guid: b64a279a813f8464380066e7eec22a48, type: 3}
      propertyPath: m_LocalEulerAnglesHint.z
      value: -0.11467071
      objectReference: {fileID: 0}
    - target: {fileID: 400030, guid: b64a279a813f8464380066e7eec22a48, type: 3}
      propertyPath: m_LocalEulerAnglesHint.x
      value: -0.669296
      objectReference: {fileID: 0}
    - target: {fileID: 400030, guid: b64a279a813f8464380066e7eec22a48, type: 3}
      propertyPath: m_LocalEulerAnglesHint.y
      value: -148.91866
      objectReference: {fileID: 0}
    - target: {fileID: 400030, guid: b64a279a813f8464380066e7eec22a48, type: 3}
      propertyPath: m_LocalEulerAnglesHint.z
      value: -30.981672
      objectReference: {fileID: 0}
    - target: {fileID: 2300000, guid: b64a279a813f8464380066e7eec22a48, type: 3}
      propertyPath: m_Materials.Array.data[0]
      value: 
      objectReference: {fileID: 2100000, guid: d3267ef2097189644a93470e1c5b3ce2, type: 2}
    m_RemovedComponents:
    - {fileID: 6400000, guid: b64a279a813f8464380066e7eec22a48, type: 3}
  m_SourcePrefab: {fileID: 100100000, guid: b64a279a813f8464380066e7eec22a48, type: 3}
--- !u!4 &994494499093567456 stripped
Transform:
  m_CorrespondingSourceObject: {fileID: 400064, guid: b64a279a813f8464380066e7eec22a48,
    type: 3}
  m_PrefabInstance: {fileID: 994494499093433632}
  m_PrefabAsset: {fileID: 0}
