%YAML 1.1
%TAG !u! tag:unity3d.com,2011:
--- !u!1 &4227766255931784764
GameObject:
  m_ObjectHideFlags: 0
  m_CorrespondingSourceObject: {fileID: 0}
  m_PrefabInstance: {fileID: 0}
  m_PrefabAsset: {fileID: 0}
  serializedVersion: 6
  m_Component:
  - component: {fileID: 4227766255931784761}
  - component: {fileID: 4227766255931784762}
  - component: {fileID: 4227766255931784763}
  m_Layer: 0
  m_Name: Text
  m_TagString: Untagged
  m_Icon: {fileID: 0}
  m_NavMeshLayer: 0
  m_StaticEditorFlags: 0
  m_IsActive: 1
--- !u!224 &4227766255931784761
RectTransform:
  m_ObjectHideFlags: 0
  m_CorrespondingSourceObject: {fileID: 0}
  m_PrefabInstance: {fileID: 0}
  m_PrefabAsset: {fileID: 0}
  m_GameObject: {fileID: 4227766255931784764}
  m_LocalRotation: {x: 0, y: 0, z: 0, w: 1}
  m_LocalPosition: {x: 0, y: 0, z: 0}
  m_LocalScale: {x: 1, y: 1, z: 1}
  m_Children: []
  m_Father: {fileID: 4227766256121140096}
  m_RootOrder: 0
  m_LocalEulerAnglesHint: {x: 0, y: 0, z: 0}
  m_AnchorMin: {x: 0, y: 0}
  m_AnchorMax: {x: 1, y: 1}
  m_AnchoredPosition: {x: 0, y: 0}
  m_SizeDelta: {x: 0, y: 0}
  m_Pivot: {x: 0.5, y: 0.5}
--- !u!222 &4227766255931784762
CanvasRenderer:
  m_ObjectHideFlags: 0
  m_CorrespondingSourceObject: {fileID: 0}
  m_PrefabInstance: {fileID: 0}
  m_PrefabAsset: {fileID: 0}
  m_GameObject: {fileID: 4227766255931784764}
  m_CullTransparentMesh: 0
--- !u!114 &4227766255931784763
MonoBehaviour:
  m_ObjectHideFlags: 0
  m_CorrespondingSourceObject: {fileID: 0}
  m_PrefabInstance: {fileID: 0}
  m_PrefabAsset: {fileID: 0}
  m_GameObject: {fileID: 4227766255931784764}
  m_Enabled: 1
  m_EditorHideFlags: 0
  m_Script: {fileID: 708705254, guid: f70555f144d8491a825f0804e09c671c, type: 3}
  m_Name: 
  m_EditorClassIdentifier: 
  m_Material: {fileID: 0}
  m_Color: {r: 1, g: 1, b: 1, a: 1}
  m_RaycastTarget: 1
  m_OnCullStateChanged:
    m_PersistentCalls:
      m_Calls: []
    m_TypeName: UnityEngine.UI.MaskableGraphic+CullStateChangedEvent, UnityEngine.UI,
      Version=1.0.0.0, Culture=neutral, PublicKeyToken=null
  m_FontData:
    m_Font: {fileID: 10102, guid: 0000000000000000e000000000000000, type: 0}
    m_FontSize: 48
    m_FontStyle: 0
    m_BestFit: 0
    m_MinSize: 4
    m_MaxSize: 110
    m_Alignment: 1
    m_AlignByGeometry: 0
    m_RichText: 1
    m_HorizontalOverflow: 0
    m_VerticalOverflow: 0
    m_LineSpacing: 1
  m_Text: 'Quest state:'
--- !u!1 &4227766256100254896
GameObject:
  m_ObjectHideFlags: 0
  m_CorrespondingSourceObject: {fileID: 0}
  m_PrefabInstance: {fileID: 0}
  m_PrefabAsset: {fileID: 0}
  serializedVersion: 6
  m_Component:
  - component: {fileID: 4227766256100254911}
  - component: {fileID: 4227766256100254910}
  m_Layer: 0
  m_Name: BlueCompleted
  m_TagString: Untagged
  m_Icon: {fileID: 0}
  m_NavMeshLayer: 0
  m_StaticEditorFlags: 0
  m_IsActive: 0
--- !u!4 &4227766256100254911
Transform:
  m_ObjectHideFlags: 0
  m_CorrespondingSourceObject: {fileID: 0}
  m_PrefabInstance: {fileID: 0}
  m_PrefabAsset: {fileID: 0}
  m_GameObject: {fileID: 4227766256100254896}
  m_LocalRotation: {x: -0, y: -0, z: -0, w: 1}
  m_LocalPosition: {x: 0, y: 0, z: 0}
  m_LocalScale: {x: 1, y: 1, z: 1}
  m_Children: []
  m_Father: {fileID: 4227766256866982134}
  m_RootOrder: 1
  m_LocalEulerAnglesHint: {x: 0, y: 0, z: 0}
--- !u!114 &4227766256100254910
MonoBehaviour:
  m_ObjectHideFlags: 0
  m_CorrespondingSourceObject: {fileID: 0}
  m_PrefabInstance: {fileID: 0}
  m_PrefabAsset: {fileID: 0}
  m_GameObject: {fileID: 4227766256100254896}
  m_Enabled: 1
  m_EditorHideFlags: 0
  m_Script: {fileID: 11500000, guid: 8a5c87a4386ae4cd7b5403eea5e0d688, type: 3}
  m_Name: 
  m_EditorClassIdentifier: 
  target: {fileID: 4227766255931784763}
  text: Blue Completed
  add: 1
--- !u!1 &4227766256121140097
GameObject:
  m_ObjectHideFlags: 0
  m_CorrespondingSourceObject: {fileID: 0}
  m_PrefabInstance: {fileID: 0}
  m_PrefabAsset: {fileID: 0}
  serializedVersion: 6
  m_Component:
  - component: {fileID: 4227766256121140096}
  - component: {fileID: 4227766256121140109}
  - component: {fileID: 4227766256121140110}
  - component: {fileID: 4227766256121140111}
  m_Layer: 0
  m_Name: Canvas
  m_TagString: Untagged
  m_Icon: {fileID: 0}
  m_NavMeshLayer: 0
  m_StaticEditorFlags: 0
  m_IsActive: 1
--- !u!224 &4227766256121140096
RectTransform:
  m_ObjectHideFlags: 0
  m_CorrespondingSourceObject: {fileID: 0}
  m_PrefabInstance: {fileID: 0}
  m_PrefabAsset: {fileID: 0}
  m_GameObject: {fileID: 4227766256121140097}
  m_LocalRotation: {x: 0, y: 1, z: 0, w: 0}
  m_LocalPosition: {x: 0, y: 0, z: -0.05}
  m_LocalScale: {x: 0.005, y: 0.005, z: 0.005}
  m_Children:
  - {fileID: 4227766255931784761}
  m_Father: {fileID: 4227766256606138611}
  m_RootOrder: 0
  m_LocalEulerAnglesHint: {x: 0, y: 180, z: 0}
  m_AnchorMin: {x: 0, y: 0}
  m_AnchorMax: {x: 0, y: 0}
  m_AnchoredPosition: {x: 0, y: 0}
  m_SizeDelta: {x: 1045, y: 526}
  m_Pivot: {x: 0.5, y: 0.5}
--- !u!223 &4227766256121140109
Canvas:
  m_ObjectHideFlags: 0
  m_CorrespondingSourceObject: {fileID: 0}
  m_PrefabInstance: {fileID: 0}
  m_PrefabAsset: {fileID: 0}
  m_GameObject: {fileID: 4227766256121140097}
  m_Enabled: 1
  serializedVersion: 3
  m_RenderMode: 2
  m_Camera: {fileID: 0}
  m_PlaneDistance: 100
  m_PixelPerfect: 0
  m_ReceivesEvents: 1
  m_OverrideSorting: 0
  m_OverridePixelPerfect: 0
  m_SortingBucketNormalizedSize: 0
  m_AdditionalShaderChannelsFlag: 0
  m_SortingLayerID: 0
  m_SortingOrder: 0
  m_TargetDisplay: 0
--- !u!114 &4227766256121140110
MonoBehaviour:
  m_ObjectHideFlags: 0
  m_CorrespondingSourceObject: {fileID: 0}
  m_PrefabInstance: {fileID: 0}
  m_PrefabAsset: {fileID: 0}
  m_GameObject: {fileID: 4227766256121140097}
  m_Enabled: 1
  m_EditorHideFlags: 0
  m_Script: {fileID: 1980459831, guid: f70555f144d8491a825f0804e09c671c, type: 3}
  m_Name: 
  m_EditorClassIdentifier: 
  m_UiScaleMode: 0
  m_ReferencePixelsPerUnit: 100
  m_ScaleFactor: 1
  m_ReferenceResolution: {x: 800, y: 600}
  m_ScreenMatchMode: 0
  m_MatchWidthOrHeight: 0
  m_PhysicalUnit: 3
  m_FallbackScreenDPI: 96
  m_DefaultSpriteDPI: 96
  m_DynamicPixelsPerUnit: 1
--- !u!222 &4227766256121140111
CanvasRenderer:
  m_ObjectHideFlags: 0
  m_CorrespondingSourceObject: {fileID: 0}
  m_PrefabInstance: {fileID: 0}
  m_PrefabAsset: {fileID: 0}
  m_GameObject: {fileID: 4227766256121140097}
  m_CullTransparentMesh: 0
--- !u!1 &4227766256123990942
GameObject:
  m_ObjectHideFlags: 0
  m_CorrespondingSourceObject: {fileID: 0}
  m_PrefabInstance: {fileID: 0}
  m_PrefabAsset: {fileID: 0}
  serializedVersion: 6
  m_Component:
  - component: {fileID: 4227766256123990941}
  m_Layer: 0
  m_Name: Normal
  m_TagString: Untagged
  m_Icon: {fileID: 0}
  m_NavMeshLayer: 0
  m_StaticEditorFlags: 0
  m_IsActive: 0
--- !u!4 &4227766256123990941
Transform:
  m_ObjectHideFlags: 0
  m_CorrespondingSourceObject: {fileID: 0}
  m_PrefabInstance: {fileID: 0}
  m_PrefabAsset: {fileID: 0}
  m_GameObject: {fileID: 4227766256123990942}
  m_LocalRotation: {x: -0, y: -0, z: -0, w: 1}
  m_LocalPosition: {x: 0, y: 0, z: 0}
  m_LocalScale: {x: 1, y: 1, z: 1}
  m_Children: []
  m_Father: {fileID: 4227766256866982134}
  m_RootOrder: 0
  m_LocalEulerAnglesHint: {x: 0, y: 0, z: 0}
--- !u!1 &4227766256280585035
GameObject:
  m_ObjectHideFlags: 0
  m_CorrespondingSourceObject: {fileID: 0}
  m_PrefabInstance: {fileID: 0}
  m_PrefabAsset: {fileID: 0}
  serializedVersion: 6
  m_Component:
  - component: {fileID: 4227766256280585034}
  m_Layer: 0
  m_Name: QuestsTest
  m_TagString: Untagged
  m_Icon: {fileID: 0}
  m_NavMeshLayer: 0
  m_StaticEditorFlags: 0
  m_IsActive: 1
--- !u!4 &4227766256280585034
Transform:
  m_ObjectHideFlags: 0
  m_CorrespondingSourceObject: {fileID: 0}
  m_PrefabInstance: {fileID: 0}
  m_PrefabAsset: {fileID: 0}
  m_GameObject: {fileID: 4227766256280585035}
  m_LocalRotation: {x: 0, y: 0, z: 0, w: 1}
  m_LocalPosition: {x: 0, y: 0, z: 0}
  m_LocalScale: {x: 1, y: 1, z: 1}
  m_Children:
  - {fileID: 4227766256432509883}
  - {fileID: 8818852908430637044}
  - {fileID: 4227766255595713694}
  - {fileID: 7058243154043768506}
  - {fileID: 4227766256606138611}
  m_Father: {fileID: 0}
  m_RootOrder: 0
  m_LocalEulerAnglesHint: {x: 0, y: 0, z: 0}
--- !u!1 &4227766256606138612
GameObject:
  m_ObjectHideFlags: 0
  m_CorrespondingSourceObject: {fileID: 0}
  m_PrefabInstance: {fileID: 0}
  m_PrefabAsset: {fileID: 0}
  serializedVersion: 6
  m_Component:
  - component: {fileID: 4227766256606138611}
  - component: {fileID: 4227766256606138610}
  m_Layer: 0
  m_Name: QuestsCompletedMarker
  m_TagString: Untagged
  m_Icon: {fileID: 0}
  m_NavMeshLayer: 0
  m_StaticEditorFlags: 0
  m_IsActive: 1
--- !u!4 &4227766256606138611
Transform:
  m_ObjectHideFlags: 0
  m_CorrespondingSourceObject: {fileID: 0}
  m_PrefabInstance: {fileID: 0}
  m_PrefabAsset: {fileID: 0}
  m_GameObject: {fileID: 4227766256606138612}
  m_LocalRotation: {x: 0, y: 0, z: 0, w: 1}
  m_LocalPosition: {x: 11.15, y: 1.95, z: -12.11}
  m_LocalScale: {x: 1, y: 1, z: 1}
  m_Children:
  - {fileID: 4227766256121140096}
  - {fileID: 4227766256866982134}
  m_Father: {fileID: 4227766256280585034}
  m_RootOrder: 4
  m_LocalEulerAnglesHint: {x: 0, y: 0, z: 0}
--- !u!114 &4227766256606138610
MonoBehaviour:
  m_ObjectHideFlags: 0
  m_CorrespondingSourceObject: {fileID: 0}
  m_PrefabInstance: {fileID: 0}
  m_PrefabAsset: {fileID: 0}
  m_GameObject: {fileID: 4227766256606138612}
  m_Enabled: 1
  m_EditorHideFlags: 0
  m_Script: {fileID: 11500000, guid: 3a857bca76f4b48a4b4532e6bc54a253, type: 3}
  m_Name: 
  m_EditorClassIdentifier: 
  scene: 0
  states: {fileID: 4227766256866982134}
  transitions:
  - ids: 00000000
    state: {fileID: 4227766256100254896}
  - ids: 01000000
    state: {fileID: 4227766257545565469}
  - ids: 0000000001000000
    state: {fileID: 4227766257119117894}
--- !u!1 &4227766256866982135
GameObject:
  m_ObjectHideFlags: 0
  m_CorrespondingSourceObject: {fileID: 0}
  m_PrefabInstance: {fileID: 0}
  m_PrefabAsset: {fileID: 0}
  serializedVersion: 6
  m_Component:
  - component: {fileID: 4227766256866982134}
  m_Layer: 0
  m_Name: States
  m_TagString: Untagged
  m_Icon: {fileID: 0}
  m_NavMeshLayer: 0
  m_StaticEditorFlags: 0
  m_IsActive: 1
--- !u!4 &4227766256866982134
Transform:
  m_ObjectHideFlags: 0
  m_CorrespondingSourceObject: {fileID: 0}
  m_PrefabInstance: {fileID: 0}
  m_PrefabAsset: {fileID: 0}
  m_GameObject: {fileID: 4227766256866982135}
  m_LocalRotation: {x: 0, y: 0, z: 0, w: 1}
  m_LocalPosition: {x: 0, y: 0, z: 0}
  m_LocalScale: {x: 1, y: 1, z: 1}
  m_Children:
  - {fileID: 4227766256123990941}
  - {fileID: 4227766256100254911}
  - {fileID: 4227766257545565468}
  - {fileID: 4227766257119117893}
  m_Father: {fileID: 4227766256606138611}
  m_RootOrder: 1
  m_LocalEulerAnglesHint: {x: 0, y: 0, z: 0}
--- !u!1 &4227766257119117894
GameObject:
  m_ObjectHideFlags: 0
  m_CorrespondingSourceObject: {fileID: 0}
  m_PrefabInstance: {fileID: 0}
  m_PrefabAsset: {fileID: 0}
  serializedVersion: 6
  m_Component:
  - component: {fileID: 4227766257119117893}
  - component: {fileID: 4227766257119117892}
  m_Layer: 0
  m_Name: AllCompleted
  m_TagString: Untagged
  m_Icon: {fileID: 0}
  m_NavMeshLayer: 0
  m_StaticEditorFlags: 0
  m_IsActive: 0
--- !u!4 &4227766257119117893
Transform:
  m_ObjectHideFlags: 0
  m_CorrespondingSourceObject: {fileID: 0}
  m_PrefabInstance: {fileID: 0}
  m_PrefabAsset: {fileID: 0}
  m_GameObject: {fileID: 4227766257119117894}
  m_LocalRotation: {x: -0, y: -0, z: -0, w: 1}
  m_LocalPosition: {x: 0, y: 0, z: 0}
  m_LocalScale: {x: 1, y: 1, z: 1}
  m_Children: []
  m_Father: {fileID: 4227766256866982134}
  m_RootOrder: 3
  m_LocalEulerAnglesHint: {x: 0, y: 0, z: 0}
--- !u!114 &4227766257119117892
MonoBehaviour:
  m_ObjectHideFlags: 0
  m_CorrespondingSourceObject: {fileID: 0}
  m_PrefabInstance: {fileID: 0}
  m_PrefabAsset: {fileID: 0}
  m_GameObject: {fileID: 4227766257119117894}
  m_Enabled: 1
  m_EditorHideFlags: 0
  m_Script: {fileID: 11500000, guid: 8a5c87a4386ae4cd7b5403eea5e0d688, type: 3}
  m_Name: 
  m_EditorClassIdentifier: 
  target: {fileID: 4227766255931784763}
  text: All Completed
  add: 1
--- !u!1 &4227766257545565469
GameObject:
  m_ObjectHideFlags: 0
  m_CorrespondingSourceObject: {fileID: 0}
  m_PrefabInstance: {fileID: 0}
  m_PrefabAsset: {fileID: 0}
  serializedVersion: 6
  m_Component:
  - component: {fileID: 4227766257545565468}
  - component: {fileID: 4227766257545565467}
  m_Layer: 0
  m_Name: 'RedCompleted '
  m_TagString: Untagged
  m_Icon: {fileID: 0}
  m_NavMeshLayer: 0
  m_StaticEditorFlags: 0
  m_IsActive: 0
--- !u!4 &4227766257545565468
Transform:
  m_ObjectHideFlags: 0
  m_CorrespondingSourceObject: {fileID: 0}
  m_PrefabInstance: {fileID: 0}
  m_PrefabAsset: {fileID: 0}
  m_GameObject: {fileID: 4227766257545565469}
  m_LocalRotation: {x: -0, y: -0, z: -0, w: 1}
  m_LocalPosition: {x: 0, y: 0, z: 0}
  m_LocalScale: {x: 1, y: 1, z: 1}
  m_Children: []
  m_Father: {fileID: 4227766256866982134}
  m_RootOrder: 2
  m_LocalEulerAnglesHint: {x: 0, y: 0, z: 0}
--- !u!114 &4227766257545565467
MonoBehaviour:
  m_ObjectHideFlags: 0
  m_CorrespondingSourceObject: {fileID: 0}
  m_PrefabInstance: {fileID: 0}
  m_PrefabAsset: {fileID: 0}
  m_GameObject: {fileID: 4227766257545565469}
  m_Enabled: 1
  m_EditorHideFlags: 0
  m_Script: {fileID: 11500000, guid: 8a5c87a4386ae4cd7b5403eea5e0d688, type: 3}
  m_Name: 
  m_EditorClassIdentifier: 
  target: {fileID: 4227766255931784763}
  text: Red Completed
  add: 1
--- !u!1001 &4227766255786003010
PrefabInstance:
  m_ObjectHideFlags: 0
  serializedVersion: 2
  m_Modification:
    m_TransformParent: {fileID: 4227766256280585034}
    m_Modifications:
    - target: {fileID: 4669899646409096636, guid: f2d050a2dd53d4d8c8d80aef047f1400,
        type: 3}
      propertyPath: m_Name
      value: BasicQuestItem (1)
      objectReference: {fileID: 0}
    - target: {fileID: 4669899646409096630, guid: f2d050a2dd53d4d8c8d80aef047f1400,
        type: 3}
      propertyPath: m_LocalPosition.x
      value: 5.09
      objectReference: {fileID: 0}
    - target: {fileID: 4669899646409096630, guid: f2d050a2dd53d4d8c8d80aef047f1400,
        type: 3}
      propertyPath: m_LocalPosition.y
      value: 1.04
      objectReference: {fileID: 0}
    - target: {fileID: 4669899646409096630, guid: f2d050a2dd53d4d8c8d80aef047f1400,
        type: 3}
      propertyPath: m_LocalPosition.z
      value: -10.1
      objectReference: {fileID: 0}
    - target: {fileID: 4669899646409096630, guid: f2d050a2dd53d4d8c8d80aef047f1400,
        type: 3}
      propertyPath: m_LocalRotation.x
      value: -0
      objectReference: {fileID: 0}
    - target: {fileID: 4669899646409096630, guid: f2d050a2dd53d4d8c8d80aef047f1400,
        type: 3}
      propertyPath: m_LocalRotation.y
      value: -0
      objectReference: {fileID: 0}
    - target: {fileID: 4669899646409096630, guid: f2d050a2dd53d4d8c8d80aef047f1400,
        type: 3}
      propertyPath: m_LocalRotation.z
      value: -0
      objectReference: {fileID: 0}
    - target: {fileID: 4669899646409096630, guid: f2d050a2dd53d4d8c8d80aef047f1400,
        type: 3}
      propertyPath: m_LocalRotation.w
      value: 1
      objectReference: {fileID: 0}
    - target: {fileID: 4669899646409096630, guid: f2d050a2dd53d4d8c8d80aef047f1400,
        type: 3}
      propertyPath: m_RootOrder
      value: 1
      objectReference: {fileID: 0}
    - target: {fileID: 4669899646409096630, guid: f2d050a2dd53d4d8c8d80aef047f1400,
        type: 3}
      propertyPath: m_LocalEulerAnglesHint.x
      value: 0
      objectReference: {fileID: 0}
    - target: {fileID: 4669899646409096630, guid: f2d050a2dd53d4d8c8d80aef047f1400,
        type: 3}
      propertyPath: m_LocalEulerAnglesHint.y
      value: 0
      objectReference: {fileID: 0}
    - target: {fileID: 4669899646409096630, guid: f2d050a2dd53d4d8c8d80aef047f1400,
        type: 3}
      propertyPath: m_LocalEulerAnglesHint.z
      value: 0
      objectReference: {fileID: 0}
    - target: {fileID: 4669899646409096624, guid: f2d050a2dd53d4d8c8d80aef047f1400,
        type: 3}
      propertyPath: m_Materials.Array.data[0]
      value: 
      objectReference: {fileID: 2100000, guid: da29c364799c94bd7a094b4546c9e2e2, type: 2}
    - target: {fileID: 4669899646409096637, guid: f2d050a2dd53d4d8c8d80aef047f1400,
        type: 3}
      propertyPath: icon
      value: 
      objectReference: {fileID: 21300000, guid: 0023351a429c840da84b47e17c18c9d8,
        type: 3}
    - target: {fileID: 4669899646409096631, guid: f2d050a2dd53d4d8c8d80aef047f1400,
        type: 3}
      propertyPath: id
      value: 1
      objectReference: {fileID: 0}
    m_RemovedComponents: []
  m_SourcePrefab: {fileID: 100100000, guid: f2d050a2dd53d4d8c8d80aef047f1400, type: 3}
--- !u!4 &8818852908430637044 stripped
Transform:
  m_CorrespondingSourceObject: {fileID: 4669899646409096630, guid: f2d050a2dd53d4d8c8d80aef047f1400,
    type: 3}
  m_PrefabInstance: {fileID: 4227766255786003010}
  m_PrefabAsset: {fileID: 0}
--- !u!1001 &4227766256746228717
PrefabInstance:
  m_ObjectHideFlags: 0
  serializedVersion: 2
  m_Modification:
    m_TransformParent: {fileID: 4227766256280585034}
    m_Modifications:
    - target: {fileID: 6584229405082608982, guid: b904fe0cc029e40198f20a546d065178,
        type: 3}
      propertyPath: m_Name
      value: BasicQuestArea (1)
      objectReference: {fileID: 0}
    - target: {fileID: 6584229405082608983, guid: b904fe0cc029e40198f20a546d065178,
        type: 3}
      propertyPath: m_LocalPosition.x
      value: 12.46
      objectReference: {fileID: 0}
    - target: {fileID: 6584229405082608983, guid: b904fe0cc029e40198f20a546d065178,
        type: 3}
      propertyPath: m_LocalPosition.y
      value: 0.4
      objectReference: {fileID: 0}
    - target: {fileID: 6584229405082608983, guid: b904fe0cc029e40198f20a546d065178,
        type: 3}
      propertyPath: m_LocalPosition.z
      value: -10.82
      objectReference: {fileID: 0}
    - target: {fileID: 6584229405082608983, guid: b904fe0cc029e40198f20a546d065178,
        type: 3}
      propertyPath: m_LocalRotation.x
      value: -0
      objectReference: {fileID: 0}
    - target: {fileID: 6584229405082608983, guid: b904fe0cc029e40198f20a546d065178,
        type: 3}
      propertyPath: m_LocalRotation.y
      value: -0
      objectReference: {fileID: 0}
    - target: {fileID: 6584229405082608983, guid: b904fe0cc029e40198f20a546d065178,
        type: 3}
      propertyPath: m_LocalRotation.z
      value: -0
      objectReference: {fileID: 0}
    - target: {fileID: 6584229405082608983, guid: b904fe0cc029e40198f20a546d065178,
        type: 3}
      propertyPath: m_LocalRotation.w
      value: 1
      objectReference: {fileID: 0}
    - target: {fileID: 6584229405082608983, guid: b904fe0cc029e40198f20a546d065178,
        type: 3}
      propertyPath: m_RootOrder
      value: 3
      objectReference: {fileID: 0}
    - target: {fileID: 6584229405082608983, guid: b904fe0cc029e40198f20a546d065178,
        type: 3}
      propertyPath: m_LocalEulerAnglesHint.x
      value: 0
      objectReference: {fileID: 0}
    - target: {fileID: 6584229405082608983, guid: b904fe0cc029e40198f20a546d065178,
        type: 3}
      propertyPath: m_LocalEulerAnglesHint.y
      value: 0
      objectReference: {fileID: 0}
    - target: {fileID: 6584229405082608983, guid: b904fe0cc029e40198f20a546d065178,
        type: 3}
      propertyPath: m_LocalEulerAnglesHint.z
      value: 0
      objectReference: {fileID: 0}
    - target: {fileID: 6584229405082608980, guid: b904fe0cc029e40198f20a546d065178,
        type: 3}
      propertyPath: id
      value: 1
      objectReference: {fileID: 0}
    - target: {fileID: 6584229405059168687, guid: b904fe0cc029e40198f20a546d065178,
        type: 3}
      propertyPath: ColorModule.gradient.maxGradient.key0.r
      value: 1
      objectReference: {fileID: 0}
    - target: {fileID: 6584229405059168687, guid: b904fe0cc029e40198f20a546d065178,
        type: 3}
      propertyPath: ColorModule.gradient.maxGradient.key0.g
      value: 0
      objectReference: {fileID: 0}
    - target: {fileID: 6584229405059168687, guid: b904fe0cc029e40198f20a546d065178,
        type: 3}
      propertyPath: ColorModule.gradient.maxGradient.key0.b
      value: 0.14901961
      objectReference: {fileID: 0}
    - target: {fileID: 6584229405059168687, guid: b904fe0cc029e40198f20a546d065178,
        type: 3}
      propertyPath: ColorModule.gradient.maxGradient.key1.r
      value: 1
      objectReference: {fileID: 0}
    - target: {fileID: 6584229405059168687, guid: b904fe0cc029e40198f20a546d065178,
        type: 3}
      propertyPath: ColorModule.gradient.maxGradient.key1.g
      value: 0.62684494
      objectReference: {fileID: 0}
    - target: {fileID: 6584229405059168687, guid: b904fe0cc029e40198f20a546d065178,
        type: 3}
      propertyPath: ColorModule.gradient.maxGradient.key1.b
      value: 0.5529412
      objectReference: {fileID: 0}
    - target: {fileID: 6584229405059168687, guid: b904fe0cc029e40198f20a546d065178,
        type: 3}
      propertyPath: ColorModule.gradient.maxGradient.key2.g
      value: 0
      objectReference: {fileID: 0}
    - target: {fileID: 6584229405059168687, guid: b904fe0cc029e40198f20a546d065178,
        type: 3}
      propertyPath: ColorModule.gradient.maxGradient.key2.b
      value: 0.14901961
      objectReference: {fileID: 0}
    - target: {fileID: 6584229405059168687, guid: b904fe0cc029e40198f20a546d065178,
        type: 3}
      propertyPath: ColorModule.gradient.maxGradient.ctime1
      value: 30840
      objectReference: {fileID: 0}
    - target: {fileID: 6584229405059168687, guid: b904fe0cc029e40198f20a546d065178,
        type: 3}
      propertyPath: ColorModule.gradient.maxGradient.ctime2
      value: 65342
      objectReference: {fileID: 0}
    - target: {fileID: 6584229405059168687, guid: b904fe0cc029e40198f20a546d065178,
        type: 3}
      propertyPath: ColorModule.gradient.maxGradient.atime1
      value: 19082
      objectReference: {fileID: 0}
    - target: {fileID: 6584229405059168687, guid: b904fe0cc029e40198f20a546d065178,
        type: 3}
      propertyPath: ColorModule.gradient.maxGradient.atime2
      value: 40863
      objectReference: {fileID: 0}
    - target: {fileID: 6584229405059168687, guid: b904fe0cc029e40198f20a546d065178,
        type: 3}
      propertyPath: ColorModule.gradient.maxGradient.atime4
      value: 65535
      objectReference: {fileID: 0}
    - target: {fileID: 6584229405059168687, guid: b904fe0cc029e40198f20a546d065178,
        type: 3}
      propertyPath: ColorModule.gradient.maxGradient.m_NumColorKeys
      value: 3
      objectReference: {fileID: 0}
    - target: {fileID: 6584229404758047895, guid: b904fe0cc029e40198f20a546d065178,
        type: 3}
      propertyPath: ColorModule.gradient.maxGradient.key0.r
      value: 1
      objectReference: {fileID: 0}
    - target: {fileID: 6584229404758047895, guid: b904fe0cc029e40198f20a546d065178,
        type: 3}
      propertyPath: ColorModule.gradient.maxGradient.key0.g
      value: 0
      objectReference: {fileID: 0}
    - target: {fileID: 6584229404758047895, guid: b904fe0cc029e40198f20a546d065178,
        type: 3}
      propertyPath: ColorModule.gradient.maxGradient.key0.b
      value: 0.14901961
      objectReference: {fileID: 0}
    - target: {fileID: 6584229404758047895, guid: b904fe0cc029e40198f20a546d065178,
        type: 3}
      propertyPath: ColorModule.gradient.maxGradient.key1.r
      value: 1
      objectReference: {fileID: 0}
    - target: {fileID: 6584229404758047895, guid: b904fe0cc029e40198f20a546d065178,
        type: 3}
      propertyPath: ColorModule.gradient.maxGradient.key1.g
      value: 0.62684494
      objectReference: {fileID: 0}
    - target: {fileID: 6584229404758047895, guid: b904fe0cc029e40198f20a546d065178,
        type: 3}
      propertyPath: ColorModule.gradient.maxGradient.key1.b
      value: 0.5529412
      objectReference: {fileID: 0}
    - target: {fileID: 6584229404758047895, guid: b904fe0cc029e40198f20a546d065178,
        type: 3}
      propertyPath: ColorModule.gradient.maxGradient.key2.g
      value: 0
      objectReference: {fileID: 0}
    - target: {fileID: 6584229404758047895, guid: b904fe0cc029e40198f20a546d065178,
        type: 3}
      propertyPath: ColorModule.gradient.maxGradient.key2.b
      value: 0.14901961
      objectReference: {fileID: 0}
    - target: {fileID: 6584229404758047895, guid: b904fe0cc029e40198f20a546d065178,
        type: 3}
      propertyPath: ColorModule.gradient.maxGradient.ctime1
      value: 30840
      objectReference: {fileID: 0}
    - target: {fileID: 6584229404758047895, guid: b904fe0cc029e40198f20a546d065178,
        type: 3}
      propertyPath: ColorModule.gradient.maxGradient.ctime2
      value: 65342
      objectReference: {fileID: 0}
    - target: {fileID: 6584229404758047895, guid: b904fe0cc029e40198f20a546d065178,
        type: 3}
      propertyPath: ColorModule.gradient.maxGradient.atime1
      value: 19082
      objectReference: {fileID: 0}
    - target: {fileID: 6584229404758047895, guid: b904fe0cc029e40198f20a546d065178,
        type: 3}
      propertyPath: ColorModule.gradient.maxGradient.atime2
      value: 40863
      objectReference: {fileID: 0}
    - target: {fileID: 6584229404758047895, guid: b904fe0cc029e40198f20a546d065178,
        type: 3}
      propertyPath: ColorModule.gradient.maxGradient.atime4
      value: 65535
      objectReference: {fileID: 0}
    - target: {fileID: 6584229404758047895, guid: b904fe0cc029e40198f20a546d065178,
        type: 3}
      propertyPath: ColorModule.gradient.maxGradient.m_NumColorKeys
      value: 3
      objectReference: {fileID: 0}
    - target: {fileID: 6584229404106560456, guid: b904fe0cc029e40198f20a546d065178,
        type: 3}
      propertyPath: m_Materials.Array.data[0]
      value: 
      objectReference: {fileID: 2100000, guid: da29c364799c94bd7a094b4546c9e2e2, type: 2}
    m_RemovedComponents: []
  m_SourcePrefab: {fileID: 100100000, guid: b904fe0cc029e40198f20a546d065178, type: 3}
--- !u!4 &7058243154043768506 stripped
Transform:
  m_CorrespondingSourceObject: {fileID: 6584229405082608983, guid: b904fe0cc029e40198f20a546d065178,
    type: 3}
  m_PrefabInstance: {fileID: 4227766256746228717}
  m_PrefabAsset: {fileID: 0}
--- !u!1001 &7058243155057643977
PrefabInstance:
  m_ObjectHideFlags: 0
  serializedVersion: 2
  m_Modification:
    m_TransformParent: {fileID: 4227766256280585034}
    m_Modifications:
    - target: {fileID: 6584229405082608982, guid: b904fe0cc029e40198f20a546d065178,
        type: 3}
      propertyPath: m_Name
      value: BasicQuestArea
      objectReference: {fileID: 0}
    - target: {fileID: 6584229405082608983, guid: b904fe0cc029e40198f20a546d065178,
        type: 3}
      propertyPath: m_LocalPosition.x
      value: 9.57
      objectReference: {fileID: 0}
    - target: {fileID: 6584229405082608983, guid: b904fe0cc029e40198f20a546d065178,
        type: 3}
      propertyPath: m_LocalPosition.y
      value: 0.4
      objectReference: {fileID: 0}
    - target: {fileID: 6584229405082608983, guid: b904fe0cc029e40198f20a546d065178,
        type: 3}
      propertyPath: m_LocalPosition.z
      value: -10.82
      objectReference: {fileID: 0}
    - target: {fileID: 6584229405082608983, guid: b904fe0cc029e40198f20a546d065178,
        type: 3}
      propertyPath: m_LocalRotation.x
      value: -0
      objectReference: {fileID: 0}
    - target: {fileID: 6584229405082608983, guid: b904fe0cc029e40198f20a546d065178,
        type: 3}
      propertyPath: m_LocalRotation.y
      value: -0
      objectReference: {fileID: 0}
    - target: {fileID: 6584229405082608983, guid: b904fe0cc029e40198f20a546d065178,
        type: 3}
      propertyPath: m_LocalRotation.z
      value: -0
      objectReference: {fileID: 0}
    - target: {fileID: 6584229405082608983, guid: b904fe0cc029e40198f20a546d065178,
        type: 3}
      propertyPath: m_LocalRotation.w
      value: 1
      objectReference: {fileID: 0}
    - target: {fileID: 6584229405082608983, guid: b904fe0cc029e40198f20a546d065178,
        type: 3}
      propertyPath: m_RootOrder
      value: 2
      objectReference: {fileID: 0}
    - target: {fileID: 6584229405082608983, guid: b904fe0cc029e40198f20a546d065178,
        type: 3}
      propertyPath: m_LocalEulerAnglesHint.x
      value: 0
      objectReference: {fileID: 0}
    - target: {fileID: 6584229405082608983, guid: b904fe0cc029e40198f20a546d065178,
        type: 3}
      propertyPath: m_LocalEulerAnglesHint.y
      value: 0
      objectReference: {fileID: 0}
    - target: {fileID: 6584229405082608983, guid: b904fe0cc029e40198f20a546d065178,
        type: 3}
      propertyPath: m_LocalEulerAnglesHint.z
      value: 0
      objectReference: {fileID: 0}
    m_RemovedComponents: []
  m_SourcePrefab: {fileID: 100100000, guid: b904fe0cc029e40198f20a546d065178, type: 3}
--- !u!4 &4227766255595713694 stripped
Transform:
  m_CorrespondingSourceObject: {fileID: 6584229405082608983, guid: b904fe0cc029e40198f20a546d065178,
    type: 3}
  m_PrefabInstance: {fileID: 7058243155057643977}
  m_PrefabAsset: {fileID: 0}
--- !u!1001 &8818852907750608397
PrefabInstance:
  m_ObjectHideFlags: 0
  serializedVersion: 2
  m_Modification:
    m_TransformParent: {fileID: 4227766256280585034}
    m_Modifications:
    - target: {fileID: 4669899646409096636, guid: f2d050a2dd53d4d8c8d80aef047f1400,
        type: 3}
      propertyPath: m_Name
      value: BasicQuestItem
      objectReference: {fileID: 0}
    - target: {fileID: 4669899646409096630, guid: f2d050a2dd53d4d8c8d80aef047f1400,
        type: 3}
      propertyPath: m_LocalPosition.x
      value: 3.02
      objectReference: {fileID: 0}
    - target: {fileID: 4669899646409096630, guid: f2d050a2dd53d4d8c8d80aef047f1400,
        type: 3}
      propertyPath: m_LocalPosition.y
      value: 1.04
      objectReference: {fileID: 0}
    - target: {fileID: 4669899646409096630, guid: f2d050a2dd53d4d8c8d80aef047f1400,
        type: 3}
      propertyPath: m_LocalPosition.z
      value: -7.84
      objectReference: {fileID: 0}
    - target: {fileID: 4669899646409096630, guid: f2d050a2dd53d4d8c8d80aef047f1400,
        type: 3}
      propertyPath: m_LocalRotation.x
      value: -0
      objectReference: {fileID: 0}
    - target: {fileID: 4669899646409096630, guid: f2d050a2dd53d4d8c8d80aef047f1400,
        type: 3}
      propertyPath: m_LocalRotation.y
      value: -0
      objectReference: {fileID: 0}
    - target: {fileID: 4669899646409096630, guid: f2d050a2dd53d4d8c8d80aef047f1400,
        type: 3}
      propertyPath: m_LocalRotation.z
      value: -0
      objectReference: {fileID: 0}
    - target: {fileID: 4669899646409096630, guid: f2d050a2dd53d4d8c8d80aef047f1400,
        type: 3}
      propertyPath: m_LocalRotation.w
      value: 1
      objectReference: {fileID: 0}
    - target: {fileID: 4669899646409096630, guid: f2d050a2dd53d4d8c8d80aef047f1400,
        type: 3}
      propertyPath: m_RootOrder
      value: 0
      objectReference: {fileID: 0}
    - target: {fileID: 4669899646409096630, guid: f2d050a2dd53d4d8c8d80aef047f1400,
        type: 3}
      propertyPath: m_LocalEulerAnglesHint.x
      value: 0
      objectReference: {fileID: 0}
    - target: {fileID: 4669899646409096630, guid: f2d050a2dd53d4d8c8d80aef047f1400,
        type: 3}
      propertyPath: m_LocalEulerAnglesHint.y
      value: 0
      objectReference: {fileID: 0}
    - target: {fileID: 4669899646409096630, guid: f2d050a2dd53d4d8c8d80aef047f1400,
        type: 3}
      propertyPath: m_LocalEulerAnglesHint.z
      value: 0
      objectReference: {fileID: 0}
    m_RemovedComponents: []
  m_SourcePrefab: {fileID: 100100000, guid: f2d050a2dd53d4d8c8d80aef047f1400, type: 3}
--- !u!4 &4227766256432509883 stripped
Transform:
  m_CorrespondingSourceObject: {fileID: 4669899646409096630, guid: f2d050a2dd53d4d8c8d80aef047f1400,
    type: 3}
  m_PrefabInstance: {fileID: 8818852907750608397}
  m_PrefabAsset: {fileID: 0}
